@article{read1958pencil,
  title={I, pencil: My family tree as told to {L}eonard {E}. {R}ead},
  author={Read, Leonard E},
  journal={New York},
  year={1958}
}

@article{gagnon2024quality,
Author = {Gagnon-Bartsch, Tristan and Rosato, Antonio},
Title = {Quality Is in the Eye of the Beholder: Taste Projection in Markets with Observational Learning},
Journal = {American Economic Review},
Volume = {114},
Number = {11},
Year = {2024},
Month = {November},
Pages = {3746–-87},
DOI = {10.1257/aer.20230814},
URL = {https://www.aeaweb.org/articles?id=10.1257/aer.20230814}}

@article{vong2025reputation,
Author = {Vong, Allen},
Title = {Reputation and Efficiency: Information Design},
Journal = {American Economic Journal: Microeconomics},
Volume = {17},
Number = {3},
Year = {2025},
Month = {August},
Pages = {191–-243},
DOI = {10.1257/mic.20220374},
URL = {https://www.aeaweb.org/articles?id=10.1257/mic.20220374}}

@article{rayo2010optimal,
  title={Optimal information disclosure},
  author={Rayo, Luis and Segal, Ilya},
  journal={Journal of Political Economy},
  volume={118},
  number={5},
  pages={949--987},
  year={2010}
}


@book{ross2020first,
  title={A first course in probability},
  author={Ross, Sheldon M},
  year={2020},
  publisher={Pearson Harlow, UK}
}

@article{asseyer2024certification,
author = {Asseyer, Andreas and Weksler, Ran},
title = {Certification Design With Common Values},
journal = {Econometrica},
volume = {92},
number = {3},
pages = {651--686},
keywords = {Disclosure, certification, strategic information transmission, information design},
doi = {10.3982/ECTA21653},
year = {2024}
}


@article{alonso2016persuading,
  title={Persuading voters},
  author={Alonso, Ricardo and C{\^a}mara, Odilon},
  journal={American Economic Review},
  volume={106},
  number={11},
  pages={3590--3605},
  year={2016},
  doi={10.1257/aer.20140737}
  }

@article{patty2024designing,
  title={Designing deliberation for decentralized decisions},
  author={Patty, John W.},
  journal={American Journal of Political Science},
  pages={783--796},
  volume={68},
  number={2},
  year={2024}
}

@article{dewan2016defense,
  title={In defense of factions},
  author={Dewan, Torun and Squintani, Francesco},
  journal={American Journal of Political Science},
  volume={60},
  number={4},
  pages={860--881},
  year={2016}
}

@article{penn2016engagement,
  title={Engagement, disengagement, or exit: A theory of equilibrium associations},
  author={Penn, Elizabeth Maggie},
  journal={American Journal of Political Science},
  volume={60},
  number={2},
  pages={322--336},
  year={2016}
}

@article{corrao23nonlinear,
Author = {Corrao, Roberto and Flynn, Joel P. and Sastry, Karthik A.},
Title = {Nonlinear pricing with underutilization: A theory of multi-part tariffs},
Journal = {American Economic Review},
Volume = {113},
Number = {3},
Year = {2023},
Month = {March},
Pages = {836–-860},
DOI = {10.1257/aer.20220199}}

@article{bobkova2024information,
  title={Information choice in auctions},
  author={Bobkova, Nina},
  journal={American Economic Review},
  volume={114},
  number={7},
  pages={1883--1915},
  year={2024}
}

@book{krishna2009auction,
  title={Auction theory},
  author={Krishna, Vijay},
  year={2009},
  publisher={Academic press}
}


@article{cunningham2021killer,
  title={Killer acquisitions},
  author={Cunningham, Colleen and Ederer, Florian and Ma, Song},
  journal={Journal of Political Economy},
  volume={129},
  number={3},
  pages={649--702},
  year={2021}
}

@article{cremer1982simple,
  title={A simple proof of {B}lackwell's ``comparison of experiments'' theorem},
  author={Cr{\'e}mer, Jacques},
  journal={Journal of Economic Theory},
  volume={27},
  number={2},
  pages={439--443},
  year={1982},
  publisher={Elsevier}
}

@incollection{arrow1979property,
  title={The property rights doctrine and demand revelation under incomplete information},
  author={Arrow, Kenneth J},
  booktitle={Economics and human welfare},
  pages={23--39},
  year={1979},
  publisher={Elsevier}
}

@article{de2018blackwell,
  title={Blackwell's informativeness theorem using diagrams},
  author={de Oliveira, Henrique},
  journal={Games and Economic Behavior},
  volume={109},
  pages={126--131},
  year={2018},
  publisher={Elsevier}
}

@article{daughety2010public,
  title={Public goods, social pressure, and the choice between privacy and publicity},
  author={Daughety, Andrew F and Reinganum, Jennifer F},
  journal={American Economic Journal: Microeconomics},
  volume={2},
  number={2},
  pages={191--221},
  year={2010}
}

@article{schottmueller2022optimal,
  title={Optimal information structures in bilateral trade},
  author={Schottmüller, Christoph},
  volume={18},
  number={1},
  year={2023},
  pages={421--461},
  journal={Theoretical Economics}
}

@article{carlsson1993global,
  title={Global games and equilibrium selection},
  author={Carlsson, Hans and Van Damme, Eric},
  journal={Econometrica},
  pages={989--1018},
  year={1993},
  volume={61},
  number={5}
}


@article{levine2021reputationTrap,
author = {Levine, David K.},
title = {The reputation trap},
journal = {Econometrica},
volume = {89},
number = {6},
pages = {2659--2678},
keywords = {Reputation, history dependence, repeated game},
doi = {10.3982/ECTA17891},
year = {2021}
}

@article{mcafee1987auctions,
  title={Auctions and bidding},
  author={McAfee, R Preston and McMillan, John},
  journal={Journal of Economic Literature},
  volume={25},
  number={2},
  pages={699--738},
  year={1987},
  publisher={JSTOR}
}

@article{edelman2007internet,
  title={Internet advertising and the generalized second-price auction: Selling billions of dollars worth of keywords},
  author={Edelman, Benjamin and Ostrovsky, Michael and Schwarz, Michael},
  journal={American Economic Review},
  volume={97},
  number={1},
  pages={242--259},
  year={2007}
}

@article{myerson1981optimal,
  title={Optimal auction design},
  author={Myerson, Roger B},
  journal={Mathematics of Operations Research},
  volume={6},
  number={1},
  pages={58--73},
  year={1981}
}

@article{curello2020screening,
  title={Screening for breakthroughs},
  author={Curello, Gregorio and Sinander, Ludvig},
  journal={arXiv preprint arXiv:2011.10090},
  year={2020}
}


@article{chassang2020robust,
  title={Robust Screens for Non-Competitive Bidding in Procurement Auctions},
  author={Chassang, Sylvain and Kawai, Kei and Nakabayashi, Jun and Ortner, Juan},
  journal={Econometrica},
  volume={forthcoming},
  year={2021}
}

@book{kreps1990course,
  title={A course in microeconomic theory},
  author={Kreps, David M},
  year={1990},
  publisher={Princeton University Press},
  link={https://www.degruyter.com/document/doi/10.1515/9780691215747/html}
}

@book{klemperer2004auctions,
  title={Auctions: theory and practice},
  author={Klemperer, Paul},
  year={2004},
  publisher={Princeton University Press}
}

@book{jehle2001advanced,
  title={Advanced microeconomic theory},
  author={Jehle, Geoffrey A and Reny, Philip J},
  year={2011},
  publisher={Pearson Education Limited}
}

@article{borgers2009note,
  title={A note on budget balance under interim participation constraints: the case of independent types},
  author={B{ö}rgers, Tilman and Norman, Peter},
  journal={Economic Theory},
  volume={39},
  number={3},
  pages={477--489},
  year={2009},
  publisher={Springer}
}

@article{guth1986private,
  title={The private supply of a public good},
  author={Güth, Werner and Hellwig, Martin},
  journal={Journal of Economics},
  volume={46},
  number={1},
  pages={121--159},
  year={1986},
  publisher={Springer}
}

@article{d1979incentives,
  title={Incentives and incomplete information},
  author={d'Aspremont, Claude and G{\'e}rard-Varet, Louis-Andr{\'e}},
  journal={Journal of Public Economics},
  volume={11},
  number={1},
  pages={25--45},
  year={1979},
  publisher={Elsevier}
}

@article{lebrun2006uniqueness,
  title={Uniqueness of the equilibrium in first-price auctions},
  author={Lebrun, Bernard},
  journal={Games and Economic Behavior},
  volume={55},
  number={1},
  pages={131--151},
  year={2006},
  publisher={Elsevier}
}


@article{hayek1945use,
  title={The use of knowledge in society},
  author={Hayek, Friedrich August},
  journal={American Economic Review},
  volume={35},
  number={4},
  pages={519--530},
  year={1945},
  publisher={JSTOR}
}


@book{laffont1993theory,
  title={A theory of incentives in procurement and regulation},
  author={Laffont, Jean-Jacques and Tirole, Jean},
  year={1993},
  publisher={MIT press}
}

@unpublished{yamashita18optimal,
  title={Optimal public information disclosure by mechanism designer},
  author = {Yamashita, Takuro},
  year={2018},
  note={Toulouse School of Economics Working Paper No. 936}
}

@article{aumann1987correlated,
  title={Correlated equilibrium as an expression of {B}ayesian rationality},
  author={Aumann, Robert J},
  journal={Econometrica},
  pages={1--18},
  year={1987},
  volume={55},
  number={1},
  publisher={JSTOR}
}

@article{bertrand1883theorie,
  title={Th{\'e}orie math{\'e}matique de la richesse sociale},
  author={Bertrand, Joseph},
  journal={Journal des savants},
  volume={67},
  number={1883},
  pages={499--508},
  year={1883},
  publisher={Paris}
}


@article{aumann1974subjectivity,
  title={Subjectivity and correlation in randomized strategies},
  author={Aumann, Robert J},
  journal={Journal of Mathematical Economics},
  volume={1},
  number={1},
  pages={67--96},
  year={1974},
  publisher={Elsevier}
}

@article{neeman2019benefit,
  title={The benefit of collective reputation},
  author={Neeman, Zvika and Öry, Aniko and Yu, Jungju},
  journal={RAND Journal of Economics},
  volume={50},
  number={4},
  pages={787--821},
  year={2019},
  publisher={Wiley Online Library}
}

@article{bergemann2015selling,
  title={Selling cookies},
  author={Bergemann, Dirk and Bonatti, Alessandro},
  journal={American Economic Journal: Microeconomics},
  volume={7},
  number={3},
  pages={259--94},
  year={2015}
}

@unpublished{lipnowski24perfect,
  title={Perfect Bayesian Persuasion},
  note={forthcoming JPE Micro},
  author={Lipnowski, Elliot and Ravid, Doron and Shishkin, Denis},
  year={2025}
}


@book{eisenfuhr2013rationales,
  title={Rationales entscheiden},
  author={Eisenführ, Franz and Weber, Martin},
  year={2013},
  publisher={Springer-Verlag}
}

@unpublished{deimen2020authority,
  title={Authority in a theory of the firm},
  author={Deimen, Inga and Szalay, Dezs{ö}},
  year={2020},
  note={CEPR Discussion Paper No. DP15026}
}

@unpublished{shishkin2025evidence,
  title={Evidence Design and Voluntary Disclosure},
  author={Shishkin, Denis},
  year={2025}
}

@article{mathevet2020information,
  title={On information design in games},
  author={Mathevet, Laurent and Perego, Jacopo and Taneva, Ina},
  journal={Journal of Political Economy},
  volume={128},
  number={4},
  pages={1370--1404},
  year={2020},
  publisher={The University of Chicago Press Chicago, IL}
}

@article{pram21disclosure,
  title={Disclosure, welfare and adverse selection},
  author={Pram, Kym},
  journal={Journal of Economic Theory},
  volume={197},
  pages={105327},
  year={2021},
  doi = {https://doi.org/10.1016/j.jet.2021.105327}
}

@article{nageeb2023voluntary,
  title= "Voluntary Disclosure and Personalized Pricing",
  author= "S. Nageeb Ali and Greg Lewis and Shoshana Vasserman",
  journal= "Review of Economic Studies",
  volume= "90",
  number= "2",
  pages= "538--571",
  year= "2023"
}

@article{yip1998physician,
  title={Physician responses to medical fee reductions: Changes in the volume and intensity of supply of Coronary Artery Bypass Graft (CABG) surgeries in the Medicare and private sectors},
  author={Yip, Winnie},
  journal={Journal of Health Economics},
  volume={17},
  number={6},
  pages={675--699},
  year={1998}
}

@incollection{mcguire2000physician,
  title={Physician agency},
  author={McGuire, Thomas G},
  editor={Culyer, Anthony J. and Newhouse, Joseph P. },
  booktitle={Handbook of Health Economics},
  volume={1},
  pages={461--536},
  year={2000},
  publisher={Elsevier}
}


@article{dulleck2006doctors,
  title={On doctors, mechanics, and computer specialists: The economics of credence goods},
  author={Dulleck, Uwe and Kerschbamer, Rudolf},
  journal={Journal of Economic Literature},
  volume={44},
  number={1},
  pages={5--42},
  year={2006}
}

@article{kerschbamer2017economics,
  title={The economics of credence goods--a survey of recent lab and field experiments},
  author={Kerschbamer, Rudolf and Sutter, Matthias},
  journal={CESifo Economic Studies},
  volume={63},
  number={1},
  pages={1--23},
  year={2017},
  publisher={Oxford University Press}
}

@article{bester2017credence,
  title={Credence goods, costly diagnosis and subjective evaluation},
  author={Bester, Helmut and Dahm, Matthias},
  journal={Economic Journal},
  volume={128},
  number={611},
  pages={1367--1394},
  year={2017},
  publisher={Oxford University Press Oxford, UK}
}

@book{capinski2013measure,
  title={Measure, integral and probability},
  author={Capinski, Marek and Kopp, Peter E},
  year={2004},
  publisher={Springer Science \& Business Media, London}
}

@article{schweizer2018optimal,
  title={Optimal revelation of life-changing information},
  author={Schweizer, Nikolaus and Szech, Nora},
  journal={Management Science},
  volume={64},
  number={11},
  pages={5250--5262},
  year={2018},
  link={https://doi.org/10.1287/mnsc.2017.2913},
  doi={10.1287/mnsc.2017.2913},
  publisher={INFORMS}
}

@article{jann2015correlated,
  title={Correlated equilibria in homogeneous good {B}ertrand competition},
  author={Jann, Ole and Schottmüller, Christoph},
  journal={Journal of Mathematical Economics},
  volume={57},
  pages={31--37},
  year={2015},
  link={http://dx.doi.org/10.1016/j.jmateco.2015.01.005},
  doi={10.1016/j.jmateco.2015.01.005},
  publisher={Elsevier}
}


@Inbook{Bikhchandani2018,
author="Bikhchandani, Sushil and Hirshleifer, David and Welch, Ivo",
title="Information Cascades",
bookTitle="The New Palgrave Dictionary of Economics",
year="2018",
publisher="Palgrave Macmillan UK",
address="London",
pages="6492--6500",
doi="10.1057/978-1-349-95189-5_2727",
url="https://doi.org/10.1057/978-1-349-95189-5_2727"
}


@article{deimen2019delegated,
  title={Delegated expertise, authority, and communication},
  author={Deimen, Inga and Szalay, Dezs{\H{o}}},
  journal={American Economic Review},
  volume={109},
  number={4},
  pages={1349--74},
  year={2019}
}

@article{goldstein2018stress,
  title={Stress tests and information disclosure},
  author={Goldstein, Itay and Leitner, Yaron},
  journal={Journal of Economic Theory},
  volume={177},
  pages={34--69},
  year={2018},
  publisher={Elsevier}
}


@Inbook{Smith2016,
author="Smith, Lones
and S{\o}rensen, Peter Norman",
title="Observational Learning",
bookTitle="The New Palgrave Dictionary of Economics",
year="2016",
publisher="Palgrave Macmillan UK",
address="London",
pages="1--8",
doi="10.1057/978-1-349-95121-5_2990-1",
url="https://doi.org/10.1057/978-1-349-95121-5_2990-1"
}

@article{bhaskar2019culture,
Author = {Bhaskar, V. and Thomas, Caroline},
Title = {The Culture of Overconfidence},
Journal = {American Economic Review: Insights},
Volume = {1},
Number = {1},
Year = {2019},
Month = {June},
Pages = {95-110},
DOI = {10.1257/aeri.20180200},
URL = {http://www.aeaweb.org/articles?id=10.1257/aeri.20180200}
}

@article{holmstrom1999managerial,
  title={Managerial incentive problems: A dynamic perspective},
  author={Holmstr{ö}m, Bengt},
  journal={Review of Economic Studies},
  volume={66},
  number={1},
  pages={169--182},
  year={1999},
  publisher={Wiley-Blackwell}
}

@book{campbell2018incentives,
  title={Incentives: motivation and the economics of information},
  author={Campbell, Donald E},
  year={2018},
  publisher={Cambridge University Press}
}

@ARTICLE{Mir71,
  author = {Mirrlees, James A.},
  title = {An exploration in the theory of optimum income taxation},
  journal = {Review of Economic Studies},
  year = {1971},
  volume = {38},
  pages = {175--208},
  number = {2}
}

@ARTICLE{Ake70,
  author = {Akerlof, George A.},
  title = {The market for ``lemons'': Quality uncertainty and the market mechanism},
  journal = {Quarterly Journal of Economics},
  year = {1970},
  volume = {84},
  pages = {488--500},
  number = {3}
}


@misc{clp,
author={Forrest, John J.},
title={Clp (Coin-or linear programming)},
note={https://github.com/coin-or/Clp},
year={2019}
}

@misc{nlopt,
author={Johnson, Steven G.},
title={The {NLopt} nonlinear-optimization package},
note={http://ab-initio.mit.edu/nlopt},
year={2019}
}

@article{svanberg02mma,
author={Svanberg, Krister},
title={A class of globally convergent optimization methods based on conservative convex separable approximations},
journal={SIAM J. Optim.},
volume={12},
number={2},
pages={555--573},
year={2002}
}

@book{belleflamme2015industrial,
  title={Industrial organization: markets and strategies},
  author={Belleflamme, Paul and Peitz, Martin},
  year={2015},
  publisher={Cambridge University Press}
}


@book{motta2004competition,
  title={Competition policy: theory and practice},
  author={Motta, Massimo},
  year={2004},
  publisher={Cambridge University Press}
}

@book{lyons2009cases,
  title={Cases in European competition policy: the economic analysis},
  author={Lyons, Bruce},
  year={2009},
  publisher={Cambridge University Press}
}

@article{motta2000airtours,
  title={{EC} merger policy and the {A}irtours case},
  author={Motta, Massimo},
  journal={European Competition Law Review},
  volume={21},
  number={4},
  pages={199--207},
  year={2000}
}

@article{ivaldi2005quantifying,
  title={Quantifying the effects from horizontal mergers in {E}uropean competition policy},
  author={Ivaldi, Marc and Verboven, Frank},
  journal={International Journal of Industrial Organization},
  volume={23},
  number={9-10},
  pages={669--691},
  year={2005},
  publisher={Elsevier}
}


@phdthesis{lang16,
author={Lang, Xu},
year={2016},
title={Essays in microeconomic theory},
school={Tilburg: CentER, Center for Economic Research}
}

@article{mye83,
  title={Efficient mechanisms for bilateral trading},
  author={Myerson, Roger B and Satterthwaite, Mark A},
  journal={Journal of Economic Theory},
  volume={29},
  number={2},
  pages={265--281},
  year={1983},
  publisher={Elsevier}
}

@article{hagenbach2010strategic,
  title={Strategic communication networks},
  author={Hagenbach, Jeanne and Koessler, Fr{\'e}d{\'e}ric},
  journal={Review of Economic Studies},
  volume={77},
  number={3},
  pages={1072--1099},
  year={2010},
  publisher={Wiley-Blackwell}
}

@article{prat2005wrong,
  title={The wrong kind of transparency},
  author={Prat, Andrea},
  journal={American Economic Review},
  volume={95},
  number={3},
  pages={862--877},
  year={2005}
}

@article{prendergast1993theory,
  title={A theory of yes men},
  author={Prendergast, Canice},
  journal={American Economic Review},
  pages={757--770},
  year={1993},
  volume={83},
  number={4},
  publisher={JSTOR}
}


@article{ottaviani2006professional,
  title={Professional advice},
  author={Ottaviani, Marco and S{\o}rensen, Peter Norman},
  journal={Journal of Economic Theory},
  volume={126},
  number={1},
  pages={120--142},
  year={2006},
  publisher={Elsevier}
}

@article{ottaviani2006reputational,
  title={Reputational cheap talk},
  author={Ottaviani, Marco and S{\o}rensen, Peter Norman},
  journal={Rand Journal of Economics},
  volume={37},
  number={1},
  pages={155--175},
  year={2006},
  publisher={Wiley Online Library}
}

@article{ely03,
  title={Bad reputation},
  author={Ely, Jeffrey C and V{ä}lim{ä}ki, Juuso},
  journal={Quarterly Journal of Economics},
  pages={785--814},
  year={2003},
  volume={118},
  number={3},
  publisher={JSTOR}
}

@article{par05,
  title={Cheap Talk Referrals of Differentiated Experts in Repeated Relationship},
  author={Park, In-Uck},
  journal={RAND Journal of Economics},
  year={2005},
  pages={391--411},
  volume={36},
  number={2}
}

@article{milgrom1981good,
  title={Good news and bad news: Representation theorems and applications},
  author={Milgrom, Paul R},
  journal={Bell Journal of Economics},
  pages={380--391},
  year={1981},
  volume={12},
  number={2},
  publisher={JSTOR}
}

@article{dye1985disclosure,
  title={Disclosure of nonproprietary information},
  author={Dye, Ronald A},
  journal={Journal of Accounting Research},
  pages={123--145},
  year={1985},
  volume={23},
  number={1},
  publisher={JSTOR}
}

@article{banerjee1992simple,
  title={A simple model of herd behavior},
  author={Banerjee, Abhijit V},
  journal={Quarterly Journal of Economics},
  volume={107},
  number={3},
  pages={797--817},
  year={1992},
  publisher={MIT Press}
}

@article{smith2000pathological,
  title={Pathological outcomes of observational learning},
  author={Smith, Lones and S{\o}rensen, Peter},
  journal={Econometrica},
  volume={68},
  number={2},
  pages={371--398},
  year={2000},
  publisher={Wiley Online Library}
}

@book{bolton2005contract,
  title={Contract theory},
  author={Bolton, Patrick and Dewatripont, Mathias},
  year={2005},
  publisher={MIT press}
}

@article{dessein2002authority,
  title={Authority and communication in organizations},
  author={Dessein, Wouter},
  journal={Review of Economic Studies},
  volume={69},
  number={4},
  pages={811--838},
  year={2002},
  publisher={Wiley-Blackwell}
}

@article{alonso2008does,
  title={When does coordination require centralization?},
  author={Alonso, Ricardo and Dessein, Wouter and Matouschek, Niko},
  journal={American Economic Review},
  volume={98},
  number={1},
  pages={145--79},
  year={2008}
}

@article{feddersen1996swing,
  title={The swing voter's curse},
  author={Feddersen, Timothy J and Pesendorfer, Wolfgang},
  journal={American Economic Review},
  pages={408--424},
  volume={86},
  number={3},
  year={1996},
  publisher={JSTOR}
}

@article{che1993design,
  title={Design competition through multidimensional auctions},
  author={Che, Yeon-Koo},
  journal={RAND Journal of Economics},
  pages={668--680},
  year={1993},
  publisher={JSTOR}
}

@article{bijlsma2012competition,
  title={Competition for traders and risk},
  author={Bijlsma, Michiel J and Boone, Jan and Zwart, Gijsbert},
  year={2018},
  journal = {RAND Journal of Economics},
  volume = {49},
  number={4},
  pages={855--876}
}


@article{demarzo2018test,
  title={Test Design and Minimum Standards},
  author={DeMarzo, Peter M and Kremer, Ilan and Skrzypacz, Andrzej},
  year={2019},
  journal={American Economic Review},
  volume={109},
  number={6},
  pages={2173--2207}
}

@article{stein1989cheap,
  title={Cheap talk and the {FED}: A theory of imprecise policy announcements},
  author={Stein, Jeremy C},
  journal={American Economic Review},
  pages={32--42},
  volume={79},
  number={1},
  year={1989},
  publisher={JSTOR}
}

@article{taneva2018information,
  title={Information design},
  author={Taneva, Ina A},
  year={2019},
  pages={151--185},
  volume={11},
  number={4},
  journal={American Economic Journal: Microeconomics}
}

@article{kartik2009strategic,
  title={Strategic communication with lying costs},
  author={Kartik, Navin},
  journal={Review of Economic Studies},
  volume={76},
  number={4},
  pages={1359--1395},
  year={2009},
  publisher={Wiley-Blackwell}
}

@article{baliga2016torture,
  title={Torture and the commitment problem},
  author={Baliga, Sandeep and Ely, Jeffrey C},
  journal={Review of Economic Studies},
  volume={83},
  number={4},
  pages={1406--1439},
  year={2016},
  publisher={Oxford University Press}
}


@article{strausz2005honest,
  title={Honest certification and the threat of capture},
  author={Strausz, Roland},
  journal={International Journal of Industrial Organization},
  volume={23},
  number={1-2},
  pages={45--62},
  year={2005},
  publisher={Elsevier}
}

@article{stahl2017certification,
  title={Certification and market transparency},
  author={Stahl, Konrad and Strausz, Roland},
  journal={Review of Economic Studies},
  volume={84},
  number={4},
  pages={1842--1868},
  year={2017},
  publisher={Oxford University Press}
}


@unpublished{jann2025echo,
 title={Why Echo Chambers are Useful},
 author={Jann, Ole and Schottmüller, Christoph},
 year={2025},
 url={https://schottmueller.github.io/papers/echoChamber/echo_chambers.pdf},
 note={mimeo}
 }

@article{stiglitz1977monopoly,
  title={Monopoly, non-linear pricing and imperfect information: the insurance market},
  author={Stiglitz, Joseph E},
  journal={Review of Economic Studies},
  volume={44},
  number={3},
  pages={407--430},
  year={1977},
  publisher={JSTOR}
}

@article{fang2008sources,
  title={Sources of advantageous selection: Evidence from the Medigap insurance market},
  author={Fang, Hanming and Keane, Michael P and Silverman, Dan},
  journal={Journal of Political Economy},
  volume={116},
  number={2},
  pages={303--350},
  year={2008},
  publisher={The University of Chicago Press}
}

@article{einav2011selection,
  title={Selection in insurance markets: Theory and empirics in pictures},
  author={Einav, Liran and Finkelstein, Amy},
  journal={Journal of Economic Perspectives},
  volume={25},
  number={1},
  pages={115--38},
  year={2011}
}

@article{aghion2014inducing,
  title={Inducing Leaders to take risky decisions: dismissal, tenure, and term limits},
  author={Aghion, Philippe and Jackson, Matthew},
  year={2016},
  journal={American Economic Journal: Microeconomics},
  volume = {8},
  number={3},
  pages={1--38}
}

@article{klein2017will,
  title={Will truth out?—An advisor’s quest to appear competent},
  author={Klein, Nicolas and Mylovanov, Tymofiy},
  journal={Journal of Mathematical Economics},
  volume={72},
  pages={112--121},
  year={2017},
  publisher={Elsevier}
}

@article{jullien2014new,
  title={New, like new, or very good? reputation and credibility},
  author={Jullien, Bruno and Park, In-Uck},
  journal={Review of Economic Studies},
  pages={1543--1574},
  volume={81},
  number={4},
  year={2014},
  publisher={Oxford University Press}
}

@article{schottmuller2019too,
  title={Too good to be truthful: Why competent advisers are fired},
  author={Schottmüller, Christoph},
  journal={Journal of Economic Theory},
  volume={181},
  pages={333--360},
  year={2019},
  publisher={Elsevier}
}

@article{benstetter2006treadmill,
  title={The treadmill effect in a fixed budget system},
  author={Benstetter, Franz and Wambach, Achim},
  journal={Journal of Health Economics},
  volume={25},
  number={1},
  pages={146--169},
  year={2006},
  publisher={Elsevier}
}


@article{ma1997optimal,
  title={Optimal health insurance and provider payment},
  author={Ma, Ching-To Albert and McGuire, Thomas G},
  journal={American Economic Review},
  pages={685--704},
  year={1997},
  volume={87},
  number={4},
  publisher={JSTOR}
}

@article{hemenway1990propitious,
  title={Propitious selection},
  author={Hemenway, David},
  journal={Quarterly Journal of Economics},
  volume={105},
  number={4},
  pages={1063--1069},
  year={1990},
  publisher={JSTOR}
}

@unpublished{boone2017networks,
  title={Health provider networks, quality and costs},
  author={Boone, Jan and Schottmüller, Christoph},
  year={2017},
  note={mimeo}
}

@article{einav2018moral,
  title={Moral Hazard in Health Insurance: What We Know and How We Know It},
  author={Einav, Liran and Finkelstein, Amy},
  journal={Journal of the European Economic Association},
  volume={16},
  number={4},
  pages={957--982},
  year={2018},
  publisher={Oxford University Press}
}

@article{wolitzky2018learning,
Author = {Wolitzky, Alexander},
Title = {Learning from Others' Outcomes},
Journal = {American Economic Review},
Volume = {108},
Number = {10},
Year = {2018},
Month = {October},
Pages = {2763-2801},
DOI = {10.1257/aer.20170914},
URL = {http://www.aeaweb.org/articles?id=10.1257/aer.20170914}}

@article{acemoglu14cycles,
Author = {Acemoglu, Daron and Wolitzky, Alexander},
Title = {Cycles of Conflict: An Economic Model},
Journal = {American Economic Review},
Volume = {104},
Number = {4},
Year = {2014},
Month = {April},
Pages = {1350-67},
DOI = {10.1257/aer.104.4.1350},
URL = {http://www.aeaweb.org/articles?id=10.1257/aer.104.4.1350}}

@article{wolinsky1993competition,
  title={Competition in a market for informed experts' services},
  author={Wolinsky, Asher},
  journal={RAND Journal of Economics},
  pages={380--398},
  year={1993},
  volume={24},
  number={3},
  publisher={JSTOR}
}

@book{zweifel2009health,
  title={Health Economics},
  author={Zweifel, Peter and Breyer, Friedrich and Kifmann, Mathias},
  year={2009},
  publisher={Springer Science \& Business Media}
}

@unpublished{Nageeb16image,
 title={Image versus Information},
 author={Ali, S. Nageeb and B\'{e}nabou, Roland},
 note={mimeo},
 year={2017}
}

@unpublished{huck16leak,
  title={Markets for leaked information},
  author={Huck, Steffen and Weizs{ä}cker, Georg},
  note={mimeo},
  year={2016}
}


@book{morrisey2008health,
  title={Health insurance},
  author={Morrisey, Michael A},
  year={2008},
  publisher={Health Administration Press Chicago}
}


@article{netzer2014game,
  title={A game theoretic foundation of competitive equilibria with adverse selection},
  author={Netzer, Nick and Scheuer, Florian},
  journal={International Economic Review},
  volume={55},
  number={2},
  pages={399--422},
  year={2014},
  publisher={Wiley Online Library}
}

@article{behrend2007risk,
  title={Risk-adjusted capitation payments: how well do principal inpatient diagnosis-based models work in the German situation? Results from a large data set},
  author={Behrend, Corinne and Buchner, Florian and Happich, Michael and Holle, Rolf and Reitmeir, Peter and Wasem, Jürgen},
  journal={European Journal of Health Economics},
  volume={8},
  number={1},
  pages={31--39},
  year={2007},
  publisher={Springer}
}

@incollection{PMM2000755,
title = "Risk Adjustment in Competitive Health Plan Markets",
editor = "Anthony J. Culyer and Joseph P. Newhouse",
series = "Handbook of Health Economics",
publisher = "Elsevier",
volume = "1",
pages = "755 -- 845",
year = "2000",
booktitle = "Handbook of Health Economics",
issn = "1574-0064",
doi = "https://doi.org/10.1016/S1574-0064(00)80173-0",
url = "http://www.sciencedirect.com/science/article/pii/S1574006400801730",
author = "van de Ven, Wynand P.M.M. and Ellis, Randall P."
}

@article{aron2013rand,
  title={The {RAND} health insurance experiment, three decades later},
  author={Aron-Dine, Aviva and Einav, Liran and Finkelstein, Amy},
  journal={Journal of Economic Perspectives},
  volume={27},
  number={1},
  pages={197--222},
  year={2013}
}

@article{finkelstein2006multiple,
  title={Multiple dimensions of private information: evidence from the long-term care insurance market},
  author={Finkelstein, Amy and McGarry, Kathleen},
  journal={American Economic Review},
  volume={96},
  number={4},
  pages={938--958},
  year={2006}
}

@article{dave2009health,
  title={Health insurance and ex ante moral hazard: evidence from Medicare},
  author={Dave, Dhaval and Kaestner, Robert},
  journal={International Journal of Health Care Finance and Economics},
  volume={9},
  number={4},
  pages={367},
  year={2009},
  publisher={Springer}
}

@article{krasnik1990changing,
  title={Changing remuneration systems: effects on activity in general practice.},
  author={Krasnik, Allan and Groenewegen, Peter P and Pedersen, Poul A and von Scholten, Peter and Mooney, Gavin and Gottschau, Adam and Flierman, Henk A and Damsgaard, Mogens T},
  journal={British Medical Journal},
  volume={300},
  number={6741},
  pages={1698--1701},
  year={1990},
  publisher={British Medical Journal Publishing Group}
}

@misc{fuchs1978supply,
  title={The supply of surgeons and the demand for operations},
  author={Fuchs, Victor R},
  year={1978},
  publisher={National Bureau of Economic Research Cambridge, Mass., USA}
}

@article{gruber1996physician,
  title={Physician Incentives and {C}esarean Delivery},
  author={Gruber, J and Owings, M},
  year={1996},
  journal={RAND Journal of Economics},
  volume={27},
  pages={99--123},
  publisher={RAND}
}

@article{kerr1997primary,
  title={Primary care physicians' satisfaction with quality of care in {C}alifornia capitated medical groups},
  author={Kerr, Eve A and Hays, Ron D and Mittman, Brian S and Siu, Albert L and Leake, Barbara and Brook, Robert H},
  journal={JAMA},
  volume={278},
  number={4},
  pages={308--312},
  year={1997},
  publisher={American Medical Association}
}

@article{kao1998relationship,
  title={The relationship between method of physician payment and patient trust},
  author={Kao, Audiey C and Green, Diane C and Zaslavsky, Alan M and Koplan, Jeffrey P and Cleary, Paul D},
  journal={JAMA},
  volume={280},
  number={19},
  pages={1708--1714},
  year={1998},
  publisher={American Medical Association}
}

@article{gradwohl2018privacy,
  title={Privacy in implementation},
  author={Gradwohl, Ronen},
  year={2018},
  journal={Social Choice and Welfare},
  volume={50},
  number={3},
  pages={547--580}
}

@article{kartik2017muddled,
  title={Muddled Information},
  author={Kartik, N and Frankel, A},
  volume={(forthcoming)},
  year={2017},
  journal={Journal of Political Economy}
}

@article{gradwohl2017voting,
  title={Voting in the Limelight},
  author={Gradwohl, Ronen},
 journal={Economic Theory},
  year={2018},
  volume={(forthcoming)}
}

@article{gradwohl2017perception,
  title={Perception games and privacy},
  author={Gradwohl, Ronen and Smorodinsky, Rann},
  journal={Games and Economic Behavior},
  volume={104},
  pages={293--308},
  year={2017},
  publisher={Elsevier}
}


@article{ely2017beeps,
  title={Beeps},
  author={Ely, Jeffrey C},
  journal={American Economic Review},
  volume={107},
  number={1},
  pages={31--53},
  year={2017}
}

@article{collard17Nash,
  title = {``{N}ash-in-{N}ash'' Bargaining: A Microfoundation for Applied Work},
  author={Collard-Wexler, Allan and Gowrisankaran, Gautam  and  Lee, Robin S},
  journal={Journal of Political Economcy},
  volume={(forthcoming)},
  year = {2017}
}

@article{araujo2010adverse,
  title={Adverse selection problems without the {S}pence--{M}irrlees condition},
  author={Araujo, Aloisio and Moreira, Humberto},
  journal={Journal of Economic Theory},
  volume={145},
  number={3},
  pages={1113--1141},
  year={2010},
  publisher={Elsevier}
}


@article{battaglini2002multiple,
  title={Multiple referrals and multidimensional cheap talk},
  author={Battaglini, Marco},
  journal={Econometrica},
  volume={70},
  number={4},
  pages={1379--1401},
  year={2002},
  publisher={Wiley Online Library}
}


@article{farrell1989cheap,
  title={Cheap talk with two audiences},
  author={Farrell, Joseph and Gibbons, Robert},
  journal={American Economic Review},
  volume={79},
  number={5},
  pages={1214--1223},
  year={1989},
  publisher={JSTOR}
}

@article{hof11,
  title = {Pre{-}sale information},
  author = {Hoffmann, F. and Inderst, R.},
  journal = {Journal of Economic Theory},
  year= {2011},
  volume = {146},
  pages = {2333-2355},
  number = {6}
}

@article{doh96,
  title={Adverse selection with endogenous information in insurance markets},
  author={Doherty, Neil A and Thistle, Paul D},
  journal={Journal of Public Economics},
  volume={63},
  number={1},
  pages={83--102},
  year={1996},
  publisher={Elsevier}
}

@article{roc85,
  title={The taxation principle and multi-time Hamilton-Jacobi equations},
  author={Rochet, Jean-Charles},
  journal={Journal of Mathematical Economics},
  volume={14},
  number={2},
  pages={113--128},
  year={1985},
  publisher={Elsevier}
}

@article{gale1996have,
  title={What have we learned from social learning?},
  author={Gale, Douglas},
  journal={European Economic Review},
  volume={40},
  number={3-5},
  pages={617--628},
  year={1996},
  publisher={Elsevier}
}

@article{caplin1994business,
  title={Business as usual, market crashes, and wisdom after the fact},
  author={Caplin, Andrew and Leahy, John},
  journal={American Economic Review},
  pages={548--565},
  volume={84},
  number={3},
  year={1994},
  publisher={JSTOR}
}

@article{burke2012information,
  title={Information acquisition in competitive markets: An application to the US mortgage market},
  author={Burke, Jeremy M and Taylor, Curtis R and Wagman, Liad},
  journal={American Economic Journal: Microeconomics},
  volume={4},
  number={4},
  pages={65--106},
  year={2012}
}

@article{jann2020informational,
  title={An informational theory of privacy},
  author={Jann, Ole and Schottmüller, Christoph},
  journal={Economic Journal},
  volume={130},
  number={625},
  pages={93--124},
  year={2020}
}

@article{armstrong2009consumer,
  title={Consumer protection and the incentive to become informed},
  author={Armstrong, Mark and Vickers, John and Zhou, Jidong},
  journal={Journal of the European Economic Association},
  volume={7},
  number={2-3},
  pages={399--410},
  year={2009},
  publisher={Oxford University Press}
}

@article{jung1988disclosure,
  title={Disclosure when the market is unsure of information endowment of managers},
  author={Jung, Woon-Oh and Kwon, Young K},
  journal={Journal of Accounting Research},
  pages={146--153},
  year={1988},
  volume={26},
  number={1},
  publisher={JSTOR}
}

@article{song2003disclosures,
  title={Disclosures and asset returns},
  author={Song Shin, Hyun},
  journal={Econometrica},
  volume={71},
  number={1},
  pages={105--133},
  year={2003},
  publisher={Wiley Online Library}
}

@article{ben2014optimal,
  title={Optimal allocation with costly verification},
  author={Ben-Porath, Elchanan and Dekel, Eddie and Lipman, Barton L},
  journal={American Economic Review},
  volume={104},
  number={12},
  pages={3779--3813},
  year={2014}
}


@article{cre98,
  title={Contracts and productive information gathering},
  author={Cr{\'e}mer, Jacques and Khalil, Fahad and Rochet, Jean-Charles},
  journal={Games and Economic Behavior},
  volume={25},
  number={2},
  pages={174--193},
  year={1998},
  publisher={Elsevier}
}

@article{cre92,
  title={Gathering information before signing a contract},
  author={Cr{\'e}mer, Jacques and Khalil, Fahad},
  journal={American Economic Review},
  pages={566--578},
  year={1992},
  volume={82},
  number={3},
  publisher={JSTOR}
}

@article{sza09,
  title={Contracts with endogenous information},
  author={Szalay, Dezs{ö}},
  journal={Games and Economic Behavior},
  volume={65},
  number={2},
  pages={586--625},
  year={2009},
  publisher={Elsevier}
}

@article{schottmueller2013cifd,
title = "Cost incentives for doctors: A double-edged sword",
journal = "European Economic Review",
volume = "61",
pages = "43 -- 58",
year = "2013",
issn = "0014-2921",
doi = "https://doi.org/10.1016/j.euroecorev.2013.03.001",
url = "http://www.sciencedirect.com/science/article/pii/S0014292113000342",
author = {Christoph Schottmüller},
keywords = "Cheap talk, Patient–doctor communication, Health insurance, Health market design"
}

@unpublished{boone2018pnetworks,
  title={Health provider networks, quality and costs},
  author={Boone, Jan and Schottmüller, Christoph},
  year={2018},
  note={mimeo}
}

@article{boone2017health,
  title={Health insurance without single crossing: why healthy people have high coverage},
  author={Boone, Jan and Schottmüller, Christoph},
  journal={Economic Journal},
  volume={127},
  number={599},
  pages={84--105},
  year={2017},
  publisher={Wiley Online Library}
}

@article{liu1996correlated,
  title={Correlated equilibrium of {C}ournot oligopoly competition},
  author={Liu, Luchuan},
  journal={Journal of Economic Theory},
  volume={68},
  number={2},
  pages={544--548},
  year={1996},
  publisher={Elsevier}
}

@article{schottmueller2015jet,
title = "Adverse selection without single crossing: Monotone solutions",
journal = "Journal of Economic Theory",
volume = "158",
pages = "127 -- 164",
year = "2015",
issn = "0022-0531",
doi = "https://doi.org/10.1016/j.jet.2015.04.002",
url = "http://www.sciencedirect.com/science/article/pii/S0022053115000605",
author = {Christoph Schottmüller},
keywords = "Spence–Mirrlees condition, Global incentive compatibility, Screening"
}

@article{alonso2008optimal,
  title={Optimal delegation},
  author={Alonso, Ricardo and Matouschek, Niko},
  journal={Review of Economic Studies},
  volume={75},
  number={1},
  pages={259--293},
  year={2008},
  publisher={Wiley-Blackwell}
}


@article{moldovanu2001optimal,
  title={The optimal allocation of prizes in contests},
  author={Moldovanu, Benny and Sela, Aner},
  journal={American Economic Review},
  volume={91},
  number={3},
  pages={542--558},
  year={2001}
}


@book{gibbons1992primer,
  title={A Primer in Game Theory},
  author={Gibbons, Robert},
  year={1992},
  publisher={Harvester Wheatsheaf}
}

@book{sydsaeter2008essential,
  title={Essential mathematics for economic analysis},
  author={Syds{\ae}ter, Knut and Hammond, Peter J and Str{\o}m, Arne and Carvajal, Andr{\'e}s},
  year={2022},
  publisher={Pearson Education}
}

@book{varian2016intermediate,
  title={Intermediate Microeconomics: A Modern Approach},
  author={Varian, Hal R and Melitz, Marc J},
  year={2024},
  publisher={WW Norton \& Company}
}

@book{tadelis2013game,
  title={Game theory: An introduction},
  author={Tadelis, Steven},
  year={2013},
  publisher={Princeton University Press}
}

@book{mas1995microeconomic,
  title={Microeconomic Theory},
  author={Mas-Colell, Andreu and Whinston, Michael Dennis and Green, Jerry R},
  year={1995},
  publisher={Oxford University Press, New York}
}

@book{fudenberg1991game,
  title={Game Theory},
  author={Fudenberg, Drew and Tirole, Jean},
  publisher={Cambridge, Massachusetts},
  year={1991}
}

@book{osborne1994course,
  title={A Course in Game Theory},
  author={Osborne, Martin J and Rubinstein, Ariel},
  year={1994},
  publisher={MIT press}
}

@book{boergers2015,
author={Börgers, Tilman},
title={An Introduction to the Theory of Mechanism Design},
year={2015},
publisher={Oxford University Press, New York},
note={(with a chapter by Daniel Krähmer and Roland Strausz)}
}

@article{rothschild1976equilibrium,
  title={Equilibrium in competitive insurance markets: An essay on the economics of imperfect information},
  author={Rothschild, Michael and Stiglitz, Joseph},
  journal={Quarterly Journal of Economics},
  pages={629--649},
  volume={90},
  year={1976},
  publisher={Elsevier}
}

@book{maschler2013game,
  title={Game Theory},
  author={Maschler, M and Solan, E and Zamir, S},
  year={2013},
  publisher={Cambridge University Press, New York}
}

@article{lehmann88,
  title={Comparing location experiments},
  author={Lehmann, Erich Leo},
  journal={Annals of Statistics},
  pages={521--533},
  volume={16},
  number={2},
  year={1988},
  publisher={JSTOR}
}


@inproceedings{blackwell51,
title={Comparisons of Experiments},
author={David Blackwell},
booktitle={Proceedings of the Second Berkeley Symposium on Mathematical Statistics},
year={1951},
pages={93--102}
}

@incollection{radner84,
author={Radner, Roy and Stiglitz, Joseph E.},
year={1984},
title={A Non-concavity in the Value of Information},
booktitle={Bayesian Models in Economic Theory},
editor={ M.Boyer and R.E. Kihlstrom},
pages={33-52}
}

@article{cabrales2013entropy,
  title={Entropy and the value of information for investors},
  author={Cabrales, Antonio and Gossner, Olivier and Serrano, Roberto},
  journal={American economic review},
  volume={103},
  number={1},
  pages={360--377},
  year={2013},
  publisher={American Economic Association}
}

@article{ganuza2010signal,
  title={Signal orderings based on dispersion and the supply of private information in auctions},
  author={Ganuza, Juan-Jos{\'e} and Penalva, Jose S},
  journal={Econometrica},
  volume={78},
  number={3},
  pages={1007--1030},
  year={2010},
  publisher={Wiley Online Library}
}

@article{chade2002another,
  title={Another look at the Radner--Stiglitz nonconcavity in the value of information},
  author={Chade, Hector and Schlee, Edward},
  journal={Journal of Economic Theory},
  volume={107},
  number={2},
  pages={421--452},
  year={2002},
  publisher={Elsevier}
}

@article{blackwell53,
  title={Equivalent comparisons of experiments},
  author={Blackwell, David},
  journal={Annals of Mathematical Statistics},
  volume={24},
  number={2},
  pages={265--272},
  year={1953},
  publisher={Institute of Mathematical Statistics}
}

@article{persico2000information,
  title={Information acquisition in auctions},
  author={Persico, Nicola},
  journal={Econometrica},
  volume={68},
  number={1},
  pages={135--148},
  year={2000},
  publisher={Wiley Online Library}
}

@article{athey17,
  title={The value of information in monotone decision problems},
  author={Athey, Susan and Levin, Jonathan},
  journal={Research in Economics},
  volume={(forthcoming)},
  year={2017},
  publisher={Elsevier}
}

@article{bikhchandani1992theory,
  title={A theory of fads, fashion, custom, and cultural change as informational cascades},
  author={Bikhchandani, Sushil and Hirshleifer, David and Welch, Ivo},
  journal={Journal of Political Economy},
  volume={100},
  number={5},
  pages={992--1026},
  year={1992},
  publisher={The University of Chicago Press}
}

@article {tirole16,
author = {Tirole, Jean},
title = {From Bottom of the Barrel to Cream of the Crop: Sequential Screening With Positive Selection},
journal = {Econometrica},
volume = {84},
number = {4},
publisher = {Blackwell Publishing Ltd},
issn = {1468-0262},
url = {http://dx.doi.org/10.3982/ECTA12961},
doi = {10.3982/ECTA12961},
pages = {1291--1343},
year = {2016},
}

@article {strulovici17,
author = {Strulovici, Bruno},
title = {Contract Negotiation and the Coase Conjecture: A Strategic Foundation for Renegotiation-Proof Contracts},
journal = {Econometrica},
volume = {85},
number = {2},
publisher = {Blackwell Publishing Ltd},
issn = {1468-0262},
url = {http://dx.doi.org/10.3982/ECTA13637},
doi = {10.3982/ECTA13637},
pages = {585--616},
year = {2017},
}

@article{board2014outside,
  title={Outside options and the failure of the Coase conjecture},
  author={Board, Simon and Pycia, Marek},
  journal={American Economic Review},
  volume={104},
  number={2},
  pages={656--671},
  year={2014},
  publisher={American Economic Association}
}

@article{bergemann2015limits,
  title={The limits of price discrimination},
  author={Bergemann, Dirk and Brooks, Benjamin and Morris, Stephen},
  journal={American Economic Review},
  volume={105},
  number={3},
  pages={921--957},
  year={2015},
  publisher={American Economic Association}
}

@article{villas2004price,
  title={Price cycles in markets with customer recognition},
  author={Villas-Boas, J Miguel},
  journal={RAND Journal of Economics},
  pages={486--501},
  volume={35},
  number={3},
  year={2004},
  publisher={JSTOR}
}

@article{lagerlof2018monopoly,
  title={Monopoly Insurance and Endogenous Information},
  author={Lagerl{ö}f, Johan NM and Schottmüller, Christoph},
  journal={International Economic Review},
  volume={59},
  number={1},
  pages={233--255},
  year={2018},
  publisher={Wiley Online Library}
}

@article{martimort2009market,
  title={Market participation in delegated and intrinsic common-agency games},
  author={Martimort, David and Stole, Lars},
  journal={Rand Journal of Economics},
  volume={40},
  number={1},
  pages={78--102},
  year={2009},
  publisher={Wiley Online Library}
}

@article{rey2007primer,
  title={A primer on foreclosure},
  author={Rey, Patrick and Tirole, Jean},
  journal={Handbook of industrial organization},
  volume={3},
  pages={2145--2220},
  year={2007},
  publisher={Elsevier}
}

@article{bulow1989simple,
  title={The simple economics of optimal auctions},
  author={Bulow, Jeremy and Roberts, John},
  journal={Journal of political economy},
  volume={97},
  number={5},
  pages={1060--1090},
  year={1989},
  publisher={The University of Chicago Press}
}

@article{jehiel1996not,
  title={How (not) to sell nuclear weapons},
  author={Jehiel, Philippe and Moldovanu, Benny and Stacchetti, Ennio},
  journal={American Economic Review},
  pages={814--829},
  year={1996},
  volume={86},
  number={4},
  publisher={JSTOR}
}

@article{ho2008insurer,
  title={Insurer-Provider Networks in the Medical Care Market},
  author={Ho, Katherine},
  journal={American Economic Review},
  volume={99},
  issue={1},
  pages={393--430},
  year={2009}
}

@article{ho2017insurer,
  title={Insurer competition in health care markets},
  author={Ho, Kate and Lee, Robin S},
  journal={Econometrica},
  volume={85},
  number={2},
  pages={379--417},
  year={2017},
  publisher={Wiley Online Library}
}


@article{ber07,
  title={Information structures in optimal auctions},
  author={Bergemann, Dirk and Pesendorfer, Martin},
  journal={Journal of Economic Theory},
  volume={137},
  number={1},
  pages={580--609},
  year={2007},
  publisher={Elsevier}
}

@article{roe17,
  title={Buyer-Optimal Learning and Monopoly Pricing},
  author={Roesler, Anne-Katrin and Szentes, Bal{\'a}zs},
  year={2017},
  volume={107},
  number={7},
  pages={2072--2080},
  journal={American Economic Review}
}

@article{condorelli2020information,
  title={Information design in the hold-up problem},
  author={Condorelli, Daniele and Szentes, Balazs},
  journal={Journal of Political Economy},
  volume={128},
  number={2},
  pages={681--709},
  year={2020}
}

@ARTICLE{Bar82,
  author = {Baron, David P. and Myerson, Roger B.},
  title = {Regulating a monopolist with unknown costs},
  journal = {Econometrica},
  year = {1982},
  volume = {50},
  pages = {911--930},
  number = {4},
  owner = {CSchottm},
  publisher = {JSTOR},
  timestamp = {2012.01.13}
}



@article{mil02,
  title={Envelope theorems for arbitrary choice sets},
  author={Milgrom, Paul and Segal, Ilya},
  journal={Econometrica},
  volume={70},
  number={2},
  pages={583--601},
  year={2002},
  publisher={Wiley Online Library}
}

@article{car13,
  title={Mechanism design without revenue equivalence},
  author={Carbajal, Juan Carlos and Ely, Jeffrey C},
  journal={Journal of Economic Theory},
  year={2013},
  volume={148},
  pages={104--133},
  publisher={Elsevier}
}

@article{noe07,
  title={Optimal bunching without optimal control},
  author={N{ö}ldeke, Georg and Samuelson, Larry},
  journal={Journal of Economic Theory},
  volume={134},
  number={1},
  pages={405--420},
  year={2007},
  publisher={Elsevier}
}

@ARTICLE{jul00,
  author = {Bruno Jullien},
  title = {Participation Constraints in Adverse Selection Models},
  journal = {Journal of Economic Theory},
  year = {2000},
  volume = {93},
  pages = {1--47},
  number = {1}
}

@article{mat87,
  title={Monopoly provision of quality and warranties: An exploration in the theory of multidimensional screening},
  author={Matthews, S. and Moore, J.},
  journal={Econometrica},
  pages={441--467},
  volume={55},
  number={2},
  year={1987},
  publisher={JSTOR}
}

@article{roc09,
  title={Monopoly regulation without the {S}pence-{M}irrlees assumption},
  author={Rochet, J.C.},
  journal={Journal of Mathematical Economics},
  volume={45},
  number={9-10},
  pages={693--700},
  year={2009}
}

@article{roc87,
  title={A necessary and sufficient condition for rationalizability in a quasi-linear context},
  author={Rochet, J.C.},
  journal={Journal of Mathematical Economics},
  volume={16},
  number={2},
  pages={191--200},
  year={1987},
  publisher={Elsevier}
}

@article{har12,
  title={Approximate revenue maximization with multiple items},
  author={Hart, Sergiu and Nisan, Noam},
  journal={arXiv preprint arXiv:1204.1846},
  year={2012}
}

@article{har12b,
title={Maximal Revenue with Multiple Goods: Nonmonotonicity and other observations},
author={Hart, Sergiu and Reny, Philip J},
year={2015},
volume={10},
number={3},
pages={893--922 },
journal={Theoretical Economics}
}

@article{sha71,
  title={The assignment game I: The core},
  author={Shapley, Lloyd S and Shubik, Martin},
  journal={International Journal of Game Theory},
  volume={1},
  number={1},
  pages={111--130},
  year={1971},
  publisher={Springer}
}

@article{rot02,
  title={The economist as engineer: Game theory, experimentation, and computation as tools for design economics},
  author={Roth, Alvin E},
  journal={Econometrica},
  volume={70},
  number={4},
  pages={1341--1378},
  year={2002},
  publisher={Wiley Online Library}
}

@article{boone2009optimal,
  title={Optimal privatisation using qualifying auctions},
  author={Boone, Jan and Goeree, Jacob K},
  journal={Economic Journal},
  volume={119},
  number={534},
  pages={277--297},
  year={2009},
  publisher={Oxford University Press Oxford, UK}
}

@article{ger13,
  title={On the equivalence of {B}ayesian and dominant strategy implementation},
  author={Gershkov, Alex and Goeree, Jacob K and Kushnir, Alexey and Moldovanu, Benny and Shi, Xianwen},
  journal={Econometrica},
  volume={81},
  number={1},
  pages={197--220},
  year={2013},
  publisher={Wiley Online Library}
}

@article{ber05,
  title={Robust mechanism design},
  author={Bergemann, Dirk and Morris, Stephen},
  journal={Econometrica},
  volume={73},
  number={6},
  pages={1771--1813},
  year={2005},
  publisher={Wiley Online Library}
}

@article{mas99,
  title={{N}ash equilibrium and welfare optimality},
  author={Maskin, Eric},
  journal={Review of Economic Studies},
  volume={66},
  number={1},
  pages={23--38},
  year={1999},
  publisher={Oxford University Press}
}

@article{mca88,
  title={Search mechanisms},
  author={McAfee, Preston R and McMillan, John},
  journal={Journal of Economic Theory},
  volume={44},
  number={1},
  pages={99--123},
  year={1988},
  publisher={Elsevier}
}

@article{arm96,
  title={Multiproduct nonlinear pricing},
  author={Armstrong, Mark},
  journal={Econometrica},
  pages={51--75},
  volume={64},
  number={1},
  year={1996},
  publisher={JSTOR}
}

@article{arm99,
  title={Multi-dimensional screening:: A user's guide},
  author={Armstrong, Mark and Rochet, Jean-Charles},
  journal={European Economic Review},
  volume={43},
  number={4},
  pages={959--979},
  year={1999},
  publisher={Elsevier}
}

@article{bat12,
  title={Optimal Dynamic Contracting},
  author={Battaglini, Marco and Lamba, Rohit},
  journal={Economic Theory Center Working Paper},
  number={46-2012},
  year={2012}
}

@article{yam10,
  title={Mechanism games with multiple principals and three or more agents},
  author={Yamashita, Takuro},
  journal={Econometrica},
  volume={78},
  number={2},
  pages={791--801},
  year={2010},
  publisher={Wiley Online Library}
}

@article{cre88,
  title={Full extraction of the surplus in {B}ayesian and dominant strategy auctions},
  author={Cremer, Jacques and McLean, Richard P},
  journal={Econometrica},
  volume={56},
  number={6},
  pages={1247--1257},
  year={1988},
  publisher={JSTOR}
}

@article{galeotti2013strategic,
  title={Strategic information transmission networks},
  author={Galeotti, Andrea and Ghiglino, Christian and Squintani, Francesco},
  journal={Journal of Economic Theory},
  volume={148},
  number={5},
  pages={1751--1769},
  year={2013},
  publisher={Elsevier}
}

@article{cripps2004imperfect,
  title={Imperfect monitoring and impermanent reputations},
  author={Cripps, Martin W and Mailath, George J and Samuelson, Larry},
  journal={Econometrica},
  volume={72},
  number={2},
  pages={407--432},
  year={2004},
  publisher={Wiley Online Library}
}

@book{mailath2006repeated,
  title={Repeated games and reputations: long-run relationships},
  author={Mailath, George J and Samuelson, Larry},
  year={2006},
  publisher={Oxford University Press}
}

@article{mailath2001wants,
  title={Who wants a good reputation?},
  author={Mailath, George J and Samuelson, Larry},
  journal={Review of Economic Studies},
  volume={68},
  number={2},
  pages={415--441},
  year={2001},
  publisher={Oxford University Press}
}

@article{sobel1985theory,
  title={A theory of credibility},
  author={Sobel, Joel},
  journal={Review of Economic Studies},
  volume={52},
  number={4},
  pages={557--573},
  year={1985},
  publisher={Oxford University Press}
}


@article{olszewski2004informal,
  title={Informal communication},
  author={Olszewski, Wojciech},
  journal={Journal of Economic Theory},
  volume={117},
  number={2},
  pages={180--200},
  year={2004},
  publisher={Elsevier}
}

@article{kim1996cheap,
  title={Cheap talk and reputation in repeated pretrial negotiation},
  author={Kim, Jeong-Yoo},
  journal={RAND Journal of Economics},
  pages={787--802},
  volume={27},
  number={4},
  year={1996},
  publisher={JSTOR}
}

@article{milgrom1990rationalizability,
  title={Rationalizability, learning, and equilibrium in games with strategic complementarities},
  author={Milgrom, Paul and Roberts, John},
  journal={Econometrica},
  pages={1255--1277},
  volume={58},
  number={6},
  year={1990},
  publisher={JSTOR}
}

@article{bergemann2013robust,
  title={Robust predictions in games with incomplete information},
  author={Bergemann, Dirk and Morris, Stephen},
  journal={Econometrica},
  volume={81},
  number={4},
  pages={1251--1308},
  year={2013},
  publisher={Wiley Online Library}
}

@article{kajii1997robustness,
  title={The robustness of equilibria to incomplete information},
  author={Kajii, Atsushi and Morris, Stephen},
  journal={Econometrica},
  pages={1283--1309},
  year={1997},
  volume={65},
  number={6},
  publisher={JSTOR}
}

@techreport{morris2001global,
  title={Global games: theory and applications},
  author={Morris, Stephen and Shin, Hyun Song},
  year={2001},
  institution={Cowles Foundation}
}

@incollection{morris2001rethinking,
  title={Rethinking multiple equilibria in macroeconomic modeling},
  author={Morris, Stephen and Shin, Hyun Song},
  booktitle={NBER Macroeconomics Annual 2000, Volume 15},
  pages={139--182},
  year={2001},
  publisher={MIT Press}
}

@article{prendergast1996impetuous,
  title={Impetuous youngsters and jaded old-timers: Acquiring a reputation for learning},
  author={Prendergast, Canice and Stole, Lars},
  journal={Journal of Political Economy},
  pages={1105--1134},
  volume={104},
  number={6},
  year={1996},
  publisher={JSTOR}
}


@article{li2007changing,
  title={Changing one's mind when the facts change: incentives of experts and the design of reporting protocols},
  author={Li, Wei},
  journal={Review of Economic Studies},
  volume={74},
  number={4},
  pages={1175--1194},
  year={2007},
  publisher={Oxford University Press}
}

@article{benabou1992using,
  title={Using privileged information to manipulate markets: Insiders, gurus, and credibility},
  author={Benabou, Roland and Laroque, Guy},
  journal={Quarterly Journal of Economics},
  pages={921--958},
  year={1992},
  volume={107},
  number={3},
  publisher={JSTOR}
}


@article{banerjee2001simple,
  title={A simple model of voice},
  author={Banerjee, Abhijit and Somanathan, Rohini},
  journal={Quarterly Journal of Economics},
  pages={189--227},
  volume={116},
  number={1},
  year={2001},
  publisher={JSTOR}
}


@article{gentzkow2006,
title={Media Bias and Reputation},
author={Matthew Gentzkow and Jesse M. Shapiro},
year={2006},
journal={Journal of Political Economy},
volume={114},
number={4},
pages={280--316}
}

@unpublished{klein2011will,
  title={Will truth out? -- An advisor's quest to appear competent},
  author={Klein, Nicolas and Mylovanov, Timofiy},
  note={Unpublished paper, University of Pennsylvania.[428]},
  year=2011
}


@article{morris1998unique,
  title={Unique equilibrium in a model of self-fulfilling currency attacks},
  author={Morris, Stephen and Shin, Hyun Song},
  journal={American Economic Review},
  pages={587--597},
  volume={88},
  number={3},
  year={1998},
  publisher={JSTOR}
}

@article{weinstein2016effect,
  title={The Effect of Changes in Risk Attitude on Strategic Behavior},
  author={Weinstein, Jonathan},
  journal={Econometrica},
  volume={84},
  number={5},
  pages={1881--1902},
  year={2016}
}

@article{weinstein2007structure,
  title={A structure theorem for rationalizability with application to robust predictions of refinements},
  author={Weinstein, Jonathan and Yildiz, Muhamet},
  journal={Econometrica},
  volume={75},
  number={2},
  pages={365--400},
  year={2007},
  publisher={Wiley Online Library}
}


@article{bergemann17_desig_price_infor,
  author =	 {Dirk Bergemann and Alessandro Bonatti and Alex
                  Smolin},
  title =	 {The Design and Price of Information},
  journal =	 {American Economic Review},
  year  =  {\noop{3001}forthcoming},
  url ={https://doi.org/10.2139/ssrn.2981406}
}
@article{bergemann18_desig_price_infor,
Author = {Bergemann, Dirk and Bonatti, Alessandro and Smolin, Alex},
Title = {The Design and Price of Information},
Journal = {American Economic Review},
Volume = {108},
Number = {1},
Year = {2018},
Month = {January},
Pages = {1-48},
DOI = {10.1257/aer.20161079},
URL = {http://www.aeaweb.org/articles?id=10.1257/aer.20161079}}

@article{bergemann02_infor_acquis_effic_mechan_desig,
  author =	 {Dirk Bergemann and Juuso Välimäki},
  title =	 {Information Acquisition and Efficient Mechanism
                  Design},
  journal =	 {Econometrica},
  volume =	 {70},
  number =	 {3},
  pages =	 {1007-1033},
  year =	 {2002},
  doi =		 {10.1111/1468-0262.00317},
  url =		 {https://doi.org/10.1111/1468-0262.00317},
  DATE_ADDED =	 {Fri Nov 24 16:33:09 2017},
}


@article{kamenica11_bayes_persuas,
  author =	 {Emir Kamenica and Matthew Gentzkow},
  title =	 {Bayesian Persuasion},
  journal =	 {American Economic Review},
  volume =	 101,
  number =	 6,
  pages =	 {2590-2615},
  year =	 2011,
  doi =		 {10.1257/aer.101.6.2590},
  url =		 {https://doi.org/10.1257/aer.101.6.2590},
  DATE_ADDED =	 {Fri Nov 24 16:37:23 2017},
}


@article{hoerner16_sellin_infor,
  author =	 {Johannes H{ö}rner and Andrzej Skrzypacz},
  title =	 {Selling Information},
  journal =	 {Journal of Political Economy},
  volume =	 124,
  number =	 6,
  pages =	 {1515-1562},
  year =	 2016,
  doi =		 {10.1086/688874},
  url =		 {https://doi.org/10.1086/688874},
  DATE_ADDED =	 {Fri Nov 24 16:42:09 2017},
}


@article{bergemann16_infor_desig_bayes_persuas_bayes_correl_equil,
  author =	 {Dirk Bergemann and Stephen Morris},
  title =	 {Information Design, {B}ayesian Persuasion, and {B}ayes
                  Correlated Equilibrium},
  journal =	 {American Economic Review},
  volume =	 106,
  number =	 5,
  pages =	 {586-591},
  year =	 2016,
  doi =		 {10.1257/aer.p20161046},
  url =		 {https://doi.org/10.1257/aer.p20161046},
  DATE_ADDED =	 {Fri Nov 24 16:44:02 2017},
}


@article{bergemann17_first_price_auction_with_gener_infor_struc,
  author =	 {Dirk Bergemann and Benjamin Brooks and Stephen
                  Morris},
  title =	 {First-Price Auctions With General Information
                  Structures: Implications for Bidding and Revenue},
  journal =	 {Econometrica},
  volume =	 85,
  number =	 1,
  pages =	 {107-143},
  year =	 2017,
  doi =		 {10.3982/ecta13958},
  url =		 {https://doi.org/10.3982/ecta13958},
  DATE_ADDED =	 {Fri Nov 24 16:46:06 2017},
}


@article{bergemann16_bayes_correl_equil_compar_infor_struc_games,
  author =	 {Dirk Bergemann and Stephen Morris},
  title =	 {Bayes Correlated Equilibrium and the Comparison of
                  Information Structures in Games},
  journal =	 {Theoretical Economics},
  volume =	 {11},
  number =	 {2},
  pages =	 {487-522},
  year =	 {2016},
  doi =		 {10.3982/te1808},
  url =		 {https://doi.org/10.3982/te1808},
  DATE_ADDED =	 {Fri Nov 24 16:47:21 2017},
}

@article{austensmith20001,
title = "Cheap Talk and Burned Money",
journal = "Journal of Economic Theory",
volume = "91",
number = "1",
pages = "1--16",
year = "2000",
doi = "https://doi.org/10.1006/jeth.1999.2591",
author = "David Austen-Smith and Jeffrey S. Banks"
}

@article{bergemann19_infor_desig,
  author =	 {Dirk Bergemann and Stephen Morris},
  title =	 {Information Design: A Unified Perspective},
  journal =	 {Journal of Economic Literature},
  year =	 {2019},
  volume = {57},
  number = {1},
  pages = {44--95}
}


@article{rothschild70_increas_risk,
  author =	 {Michael Rothschild and Joseph E Stiglitz},
  title =	 {Increasing Risk: I. A Definition},
  journal =	 {Journal of Economic Theory},
  volume =	 {2},
  number =	 {3},
  pages =	 {225-243},
  year =	 {1970},
  doi =		 {10.1016/0022-0531(70)90038-4},
  url =		 {https://doi.org/10.1016/0022-0531(70)90038-4},
  DATE_ADDED =	 {Wed Nov 29 17:21:15 2017},
}

@article{kolotilin17_persuas_privat_infor_receiv,
  author =	 {Anton Kolotilin and Tymofiy Mylovanov and Andriy
                  Zapechelnyuk and Ming Li},
  title =	 {Persuasion of a Privately Informed Receiver},
  journal =	 {Econometrica},
  volume =	 85,
  number =	 6,
  pages =	 {1949-1964},
  year =	 2017,
  doi =		 {10.3982/ecta13251},
  url =		 {https://doi.org/10.3982/ecta13251},
  DATE_ADDED =	 {Fri Dec 8 08:50:17 2017},
}

@article{mylovanov2017optimal,
  title={Optimal allocation with ex post verification and limited penalties},
  author={Mylovanov, Tymofiy and Zapechelnyuk, Andriy},
  journal={American Economic Review},
  volume={107},
  number={9},
  pages={2666--94},
  year={2017}
}

@article{li17_discr_infor_discl,
  author =	 {Hao Li and Xianwen Shi},
  title =	 {Discriminatory Information Disclosure},
  journal =	 {American Economic Review},
  volume =	 {107},
  number =	 {11},
  pages =	 {3363-3385},
  year =	 {2017},
  doi =		 {10.1257/aer.20151743},
  url =		 {https://doi.org/10.1257/aer.20151743},
  DATE_ADDED =	 {Fri Dec 15 14:02:55 2017},
}


@article{hoffmann13_hyper_limit_atten_privac,
  author =	 {Florian Hoffmann and Roman Inderst and Marco
                  Ottaviani},
  title =	 {Hypertargeting, Limited Attention, and Privacy:
                  Implications for Marketing and Campaigning},
  journal =	 {SSRN Electronic Journal},
  volume =	 {nil},
  number =	 {nil},
  pages =	 {nil},
  year =	 {2013},
  doi =		 {10.2139/ssrn.2395208},
  url =		 {https://doi.org/10.2139/ssrn.2395208},
  DATE_ADDED =	 {Fri Dec 15 14:06:23 2017},
}


@article{crawford1982cheap,
author={Crawford, Vincent P and Sobel, Joel},
title={Strategic information transmission},
year={1982},
journal={Econometrica},
volume={50},
number={6},
pages={1431--1451}
}

@article{maskin1984monopoly,
  title={Monopoly with incomplete information},
  author={Maskin, Eric and Riley, John},
  journal={RAND Journal of Economics},
  volume={15},
  number={2},
  pages={171--196},
  year={1984},
  publisher={JSTOR}
}

@article{chatterjee1983bargaining,
  title={Bargaining under incomplete information},
  author={Chatterjee, Kalyan and Samuelson, William},
  journal={Operations Research},
  volume={31},
  number={5},
  pages={835--851},
  year={1983},
  publisher={INFORMS}
}

@article{leininger1989equilibria,
  title={Equilibria of the sealed-bid mechanism for bargaining with incomplete information},
  author={Leininger, Wolfgang and Linhart, Peter B and Radner, Roy},
  journal={Journal of Economic Theory},
  volume={48},
  number={1},
  pages={63--106},
  year={1989},
  publisher={Elsevier}
}

@article{cramton1987dissolving,
  title={Dissolving a partnership efficiently},
  author={Cramton, Peter and Gibbons, Robert and Klemperer, Paul},
  journal={Econometrica},
  volume={55},
  number={3},
  pages={615--632},
  year={1987},
  publisher={JSTOR}
}

@article{satterthwaite2002optimality,
  title={The optimality of a simple market mechanism},
  author={Satterthwaite, Mark A and Williams, Steven R},
  journal={Econometrica},
  volume={70},
  number={5},
  pages={1841--1863},
  year={2002},
  publisher={Wiley Online Library}
}

@article{satterthwaite1989bilateral,
  title={Bilateral trade with the sealed bid k-double auction: Existence and efficiency},
  author={Satterthwaite, Mark A and Williams, Steven R},
  journal={Journal of Economic Theory},
  volume={48},
  number={1},
  pages={107--133},
  year={1989},
  publisher={Elsevier}
}

@article{rustichini1994convergence,
  title={Convergence to efficiency in a simple market with incomplete information},
  author={Rustichini, Aldo and Satterthwaite, Mark A and Williams, Steven R},
  journal={Econometrica},
  pages={1041--1063},
  year={1994},
  volume={62},
  number={5},
  publisher={JSTOR}
}

@article{wilson1985incentive,
  title={Incentive efficiency of double auctions},
  author={Wilson, Robert},
  journal={Econometrica},
  pages={1101--1115},
  year={1985},
  volume={53},
  number={5},
  publisher={JSTOR}
}

@unpublished{gottardi2019mediation,
  title={Shuttle Diplomacy},
  author={Gottardi, Piero and Mezzetti, Claudio},
  year={2022},
  note={CEPR Discussion Paper Series (DP16934)}
}

@article{kojima2017double,
  title={Double auction with interdependent values: Incentives and efficiency},
  author={Kojima, Fuhito and Yamashita, Takuro},
  journal={Theoretical Economics},
  volume={12},
  number={3},
  pages={1393--1438},
  year={2017},
  publisher={Wiley Online Library}
}
