% Encoding: UTF-8

@article{jann2020informational,
  title={An informational theory of privacy},
  author={Jann, Ole and Schottm{\"u}ller, Christoph},
  journal={Economic Journal},
  volume={130},
  number={625},
  pages={93--124},
  year={2020}
}

@Article{posner1981economics,
  Title                    = {The economics of privacy},
  Author                   = {Posner, Richard A},
  Journal                  = {American Economic Review},
  Year                     = {1981},
  Number                   = {2},
  Pages                    = {405--409},
  Volume                   = {71}
}

@Book{solove2010privacy,
  Title                    = {Understanding Privacy},
  Author                   = {Solove, Daniel J.},
  Publisher                = {Harvard University Press},
  Year                     = {2010},
  address ={Cambridge, MA},
  Owner                    = {ole},
  Timestamp                = {2016.03.14}
}

@Article{stigler1980introduction,
  author  = {Stigler, George J.},
  title   = {An introduction to privacy in economics and politics},
  year    = {1980},
  volume  = {9},
  number  = {4},
  pages   = {623--644},
  journal = {Journal of Legal Studies},
}

@misc{LaTeXwiki,
  title = {{\LaTeX} Wikibook},  
  author={{Wikimedia Foundation}},
  year={2003}, 
  howpublished = {\url{https://en.wikibooks.org/wiki/LaTeX}},
  note = {Accessed: 2020-09-30}
}

@misc{nzzArt,
  title = {Was haben {S}anktionen gegen {L}ukaschenko mit der {T}ürkei zu tun? {N}ichts, doch {Z}ypern blockiert mit der {V}erknüpfung die {EU}-{A}ussenpolitik},
  howpublished = {\url{https://www.nzz.ch/international/eu-sanktionen-gegen-weissrussland-zypern-blockiert-ld.1577839}},
  author = {Andreas Ernst},
  year = {2020},
  note = {Accessed: 2020-10-01}
}



